<?xml version="1.0" encoding="UTF-8"?><collection xmlns="http://www.loc.gov/MARC21/slim"><record><leader>00591nam--2200181-i-4500</leader><controlfield tag="001">000023538</controlfield><controlfield tag="002">20161230</controlfield><controlfield tag="005">20161230201035</controlfield><controlfield tag="008">060222s1000------------r-----000-0-fre-d</controlfield><datafield ind1=" " ind2=" " tag="040"><subfield code="a">IFIN-HH</subfield></datafield><datafield ind1=" " ind2=" " tag="041"><subfield code="a">fre</subfield></datafield><datafield ind1=" " ind2=" " tag="080"><subfield code="a">539.12.162.8(043)</subfield></datafield><datafield ind1="1" ind2=" " tag="100"><subfield code="a">Gresser, Julien</subfield></datafield><datafield ind1="1" ind2="0" tag="245"><subfield code="a">Production d`electrons emis a grand moment transverse dans l`interaction proton-proton a haute energie dans le centre de masse, aux isr du cern</subfield><subfield code="b">These</subfield><subfield code="c">Julien gresser</subfield></datafield><datafield ind1=" " ind2=" " tag="260"><subfield code="a">Strasbourg</subfield><subfield code="b">Universite Louis Pasteur</subfield><subfield code="c">1974</subfield></datafield><datafield ind1=" " ind2=" " tag="300"><subfield code="a">161P</subfield></datafield><datafield ind1=" " ind2=" " tag="852"><subfield code="a">43350</subfield><subfield code="c">539.131</subfield></datafield><datafield ind1=" " ind2=" " tag="CAT"><subfield code="a">Sys</subfield><subfield code="c">20120313</subfield><subfield code="h">092034</subfield></datafield></record></collection>